@book{larson2014project,
  title={Project Management: The Managerial Process 6e},
  author={Larson, Erik and Gray, Clifford},
  year={2014},
  publisher={McGraw Hill}
}

@book{leach2014critical,
  title={Critical chain project management},
  author={Leach, Lawrence P},
  year={2014},
  publisher={Artech House}
}

@book{kerzner2003advanced,
  title={Advanced project management: Best practices on implementation},
  author={Kerzner, Harold},
  year={2003},
  publisher={John Wiley {\&} Sons}
}
@book{winston2004operations,
  title={Operations research: applications and algorithm},
  author={Winston, Wayne L},
  year={2004},
  pages={48--50},
  publisher={Thomson Learning, Inc.}
}
@book{katzenbach2015wisdom,
  title={The wisdom of teams: Creating the high-performance organization},
  author={Katzenbach, Jon R and Smith, Douglas K},
  year={2015},
  publisher={Harvard Business Review Press}
}
@book{lutz2013learning,
  title={Learning python: Powerful object-oriented programming},
  author={Lutz, Mark},
  year={2013},
  publisher={" O'Reilly Media, Inc."}
}
@book{mckinney2013python,
  title={Python for data analysis},
  author={McKinney, Wes},
  year={2013},
  publisher={" O'Reilly Media, Inc."}
}
@article{harris2020array,
  title={Array programming with NumPy},
  author={Harris, Charles R and Millman, K Jarrod and Van Der Walt, St{\'e}fan J and Gommers, Ralf and Virtanen, Pauli and Cournapeau, David and Wieser, Eric and Taylor, Julian and Berg, Sebastian and Smith, Nathaniel J and others},
  journal={Nature},
  volume={585},
  number={7825},
  pages={357--362},
  year={2020},
  publisher={Nature Publishing Group UK London}
}
@book{bazaraa2010linear,
  title={Linear programming and network flows},
  author={Bazaraa, Mokhtar S and Jarvis, John J and Sherali, Hanif D},
  year={2011},
  pages={302--307},
  publisher={John Wiley \& Sons}
}


@book{rardin1998,
    author = {Rardin, R. L.},
    title = {Optimization in Operations Research},
    publisher = {Prentice Hall},
    year = {1998}
}

@book{vanderbei2001,
    author = {Vanderbei, R. J.},
    title = {Linear Programming: Foundations and Extensions},
    edition = {2nd},
    publisher = {Springer},
    year = {2001}
}

@article{tavares2002review,
author = {Tavares, L.V.},
year = {2002},
month = {01},
pages = {1-18},
title = {A review of the contribution of Operational Research to Project Management},
volume = {136},
journal = {European Journal of Operational Research},
doi = {10.1016/S0377-2217(01)00097-2}
}
%
%
%
%
%<<<<<<<<<<<<<<<<<< NEW >>>>>>>>>>
%
%
%
%
@article{almosa2023python,
author = {Almosa, Nadia Ali Abbas and Al-Jilawi, Ahmed Sabah},
title = "{Python optimization code for solving a mathematical modeling of COVID\_19}",
journal = {AIP Conference Proceedings},
volume = {2591},
number = {1},
pages = {},
year = {2023},
month = {03},
issn = {0094-243X},
doi = {10.1063/5.0119637},
url = {https://doi.org/10.1063/5.0119637},
eprint = {https://pubs.aip.org/aip/acp/article-pdf/doi/10.1063/5.0119637/16783210/050026\_1\_online.pdf},
}
@book{keen2003creating,
title={Creating Effective \& Successful Teams},
author={Keen, T.R.},
isbn={9781557532893},
lccn={2002036800},
series={Ichor Business Books},
url={https://books.google.pl/books?id=VoLq3QCTvF0C},
year={2003},
pages={5--6},
chapter={1},
publisher={Ichor Business Books}
}
@article{ashcraft2011ipd,
title={IPD teams: Creation, organization and management},
author={Ashcraft, Howard W},
journal={San Francisco: Hanson Bridgett LLP},
pages={1--2},
year={2011}
}
@article{bang2017characterizes,
title={What characterizes effective management teams? A research-based approach.},
author={Bang, Henning and Midelfart, Thomas Nesset},
journal={Consulting Psychology Journal: Practice and Research},
volume={69},
number={4},
pages={3--4},
year={2017},
publisher={Educational Publishing Foundation}
}

@article{aithal2016theory,
title={Theory a for optimizing human productivity},
author={Aithal, PS and Kumar, PM},
journal={IRA-International Journal of Management \& Social Sciences},
volume={4},
number={3},
pages={526--535},
year={2016}
}

@book{sweem2009leveraging,
title={Leveraging employee engagement through a talent management strategy: optimizing human capital through human resources and organization development strategy in a field study},
author={Sweem, Susan L},
year={2009},
pages={33--34},
publisher={Benedictine university}
}

@article{rusilowati2024optimizing,
title={Optimizing Human Resource Planning through Advanced Management Information Systems: A Technological Approach},
author={Rusilowati, Umi and Narimawati, Umi and Wijayanti, Yulia Rachma and Rahardja, Untung and Al-Kamari, Omar Arif},
journal={Aptisi Transactions on Technopreneurship (ATT)},
volume={6},
number={1},
pages={72--83},
year={2024}
}

@article{wei2022optimal,
	author = {Wei, Jintong},
	title = {{Optimal Allocation of Human Resources Recommendation Based on Improved Particle Swarm Optimization Algorithm}},
	journal = {Math. Prob. Eng.},
	volume = {2022},
	number = {1},
	pages = {},
	year = {2022},
	month = jan,
	issn = {1024-123X},
	publisher = {John Wiley {\&} Sons, Ltd},
	doi = {10.1155/2022/2010685}
}

@article{albi2024innovative,
  title={Innovative Strategies In Human Resource Management: Optimizing Organizational Performance In The Digital Age},
  author={Albi, Khalifachri},
  journal={Journal Research of Social Science, Economics, and Management},
  volume={3},
  number={10},
  pages={1933--1941},
  year={2024}
}

@article{hermawan2020optimizing,
  title={Optimizing employee engagement to improve human resources performance: A case study of A private university in facing the VUCA era},
  author={Hermawan, Rudianto},
  journal={Technium Soc. Sci. J.},
  volume={12},
  pages={196--197},
  year={2020},
  publisher={HeinOnline}
}

@article{sihombing2024optimizing,
  title={OPTIMIZING COOPERATIVE PERFORMANCE: LEVERAGING HUMAN RESOURCE DEVELOPMENT EFFORTS},
  author={Sihombing, Setiawan},
  journal={International Journal of Economics Finance \& Management Science},
  volume={9},
  number={05},
  pages={06--10},
  year={2024}
}
@article{mitchell2009introduction,
  title={An introduction to pulp for python programmers},
  author={Mitchell, Stuart and others},
  journal={Python Papers Monograph},
  volume={1},
  number={14},
  pages={2009},
  year={2009}
}

@article{syverson2011determines,
  title={What determines productivity?},
  author={Syverson, Chad},
  journal={Journal of Economic literature},
  volume={49},
  number={2},
  pages={326--365},
  year={2011},
  publisher={American Economic Association}
}
@article{parganiha2018linear,
  title={Linear programming with python and pulp},
  author={Parganiha, Kanishka},
  journal={International Journal of Industrial Engineering},
  volume={9},
  number={3},
  pages={01--08},
  year={2018}
}
@inproceedings{pratomoatmojo2020brief,
  title={A brief introduction to LENSOLVER as linear programming application},
  author={Pratomoatmojo, NA},
  booktitle={IOP Conference Series: Earth and Environmental Science},
  volume={562},
  number={1},
  pages={012028},
  year={2020},
  organization={IOP Publishing}
}

@misc{funkcjaceluwiki2005Nov,
	author = {{Wsp{\ifmmode\acute{o}\else\'{o}\fi}{\l}tw{\ifmmode\acute{o}\else\'{o}\fi}rcy projekt{\ifmmode\acute{o}\else\'{o}\fi}w Fundacji Wikimedia}},
	title = {{Funkcja celowa {\textendash} Wikipedia, wolna encyklopedia}},
	year = {2005},
	month = nov,
	note = {[Online; accessed 18. Jun. 2024]},
	url = {https://pl.wikipedia.org/w/index.php?title=Funkcja_celowa&oldid=72306338}
}

@article{dantzig2002linear,
  title={Linear programming},
  author={Dantzig, George B},
  journal={Operations research},
  volume={50},
  number={1},
  pages={42--47},
  year={2002},
  publisher={INFORMS}
}
@misc{BibEntry2024Jun,
	title = {{Programowanie liniowe {\textendash} Encyklopedia Zarz{\k{a}}dzania}},
    author={Ewa Wierciak and Arkadiusz Bugajski},
	year = {2024},
	month = jun,
	note = {[Online; accessed 18. Jun. 2024]},
	url = {https://mfiles.pl/pl/index.php/Programowanie_liniowe}
}
@article{mealiea2005strategic,
  title={A strategic guide for building effective teams},
  author={Mealiea, Laird and Baltazar, Ramon},
  journal={Public Personnel Management},
  volume={34},
  number={2},
  pages={141--160},
  year={2005},
  publisher={SAGE Publications Sage CA: Los Angeles, CA}
}
@book{klastorin2020project,
  title={Project Management: A Risk-Management Approach},
  author={Klastorin, T. and Mitchell, G.},
  isbn={9781544333946},
  lccn={2020017047},
  url={https://books.google.pl/books?id=p9_7DwAAQBAJ},
  year={2020},
  pages={45--56},
  publisher={SAGE Publications}
}
@article{khandelwal2019building,
  title={Building Teams of Experts using Integer Linear Programming},
  author={Khandelwal, Sagarika Narendra},
  year={2019},
  pages={13--15},
  publisher={University of Windsor}
}
@article{katz1980system,
  title={A system for constructing linear programming models},
  author={Katz, Shmuel and Risman, Lawrence J. and Rodeh, Michael},
  journal={IBM Systems Journal},
  volume={19},
  number={4},
  pages={505--520},
  year={1980},
  publisher={IBM}
}
